@article{cockburnShu1998a,
	title = "The Rungeâ€“Kutta Discontinuous Galerkin Method for Conservation Laws V: Multidimensional Systems",
	journal = "Journal of Computational Physics",
	volume = "141",
	number = "2",
	pages = "199 - 224",
	year = "1998",
	author = "Bernardo Cockburn and Chi-Wang Shu",
}

@article{cockburnShu2001,
	author = {Cockburn, B and Shu, C.-W.},
	journal = {Journal of Scientific Computing},
	number = {3},
	pages = {173--261},
	title = {Runge-Kutta Discontinuous Galerkin methods for convection-dominated problems},
	volume = {16},
	year = {2001}
}